@book{book_key,
	address = {City},
	publisher = {Publisher},
	author = {Smith, John},
	title = {Book title},
	year = {2012},
	volume = {3},
	series = {2},
	edition = {1},
	pages = {123--200},
	month = {January}
}

@article{article_key,
	address = {City},
	publisher = {Publisher},
	author = {Smith, James},
	title = {Article title},
	year = {2013},
	volume = {14},
	number = {6},
	pages = {1--8},
	month = {March}
}
@book{elmagsadiku,
  added-at = {2016-04-04T16:33:32.000+0200},
  address = {New York},
  author = {Sadiku, Matthew},
  biburl = {https://www.bibsonomy.org/bibtex/2d85787e1950c8fced4c98fe6b6b17219/strauman},
  interhash = {ea33ace186822b08f5c41d48ac3c8cc4},
  intrahash = {d85787e1950c8fced4c98fe6b6b17219},
  isbn = {9780199321407},
  keywords = {imported},
  publisher = {Oxford University Press},
  timestamp = {2016-04-04T16:51:32.000+0200},
  title = {Elements of electromagnetics},
  year = 2015
}


