@book{tanenbaum2007distributed,
  title={Distributed Systems: Principles and Paradigms},
  author={Tanenbaum, A.S. and van Steen, M.},
  isbn={9780132392273},
  lccn={2006024063},
  url={https://books.google.com.pe/books?id=DL8ZAQAAIAAJ},
  year={2007},
  publisher={Pearson Prentice Hall}
}
@book{perez2003electronica,
  title={Electr{\'o}nica de comunicaciones},
  author={P{\'e}rez, M.S.},
  isbn={9788420536743},
  series={Fuera de colecci{\'o}n Out of series},
  url={https://books.google.com.pe/books?id=FbI1AgAACAAJ},
  year={2003},
  publisher={Pearson Educaci{\'o}n}
}
@book{gonzalez2014dise√±o,
  title={Dise{\~n}o de redes telem{\'a}ticas},
  author={Gonz{\'a}lez, M.S.},
  isbn={9788499642611},
  url={https://books.google.com.pe/books?id=Lj6uoAEACAAJ},
  year={2014},
  publisher={Ra-Ma}
}
@book{teodoro2014transmision,
  title={Transmision de datos y redes de computadoras},
  author={Teodoro, P.G. and Verdejo, J.E.D. and Soler, J.M.L.},
  isbn={9788490354612},
  url={https://books.google.com.pe/books?id=M6PZoAEACAAJ},
  year={2014},
  publisher={Pearson Educaci{\'o}n}
}
@book{balanis2016antenna,
  title={Antenna Theory: Analysis and Design},
  author={Balanis, C.A.},
  isbn={9781118642061},
  lccn={2018468533},
  url={https://books.google.com.pe/books?id=iFEBCgAAQBAJ},
  year={2016},
  publisher={Wiley}
}
@book{tomasi2003sistemas,
  title={Sistemas de comunicaciones electr{\'o}nicas},
  author={Tomasi, W. and Hern{\'a}ndez, G.M. and Pozo, V.G.},
  isbn={9789702603160},
  series={{\'A}rea: Universitarios},
  url={https://books.google.com.pe/books?id=\_2HCio8aZiQC},
  year={2003},
  publisher={Pearson Educaci{\'o}n}
}